<record><leader>00000cas a22000007a 4500</leader><controlfield tag="001">13684111</controlfield><controlfield tag="008">860604d18761883pauwr ne      0    0eng d</controlfield><datafield ind1=" " ind2=" " tag="010"><subfield code="a">sn 86053460 </subfield></datafield><datafield ind1=" " ind2=" " tag="040"><subfield code="a">NPX</subfield><subfield code="b">eng</subfield><subfield code="c">NPX</subfield><subfield code="d">NPH</subfield><subfield code="d">OCLCG</subfield><subfield code="d">OCLCQ</subfield><subfield code="d">OCLCF</subfield></datafield><datafield ind1="1" ind2=" " tag="029"><subfield code="a">AU@</subfield><subfield code="b">000025790562</subfield></datafield><datafield ind1=" " ind2=" " tag="042"><subfield code="a">msc</subfield></datafield><datafield ind1="0" ind2=" " tag="130"><subfield code="a">Independent press (Franklin, Pa.)</subfield></datafield><datafield ind1="1" ind2="4" tag="245"><subfield code="a">The independent press.</subfield></datafield><datafield ind1=" " ind2=" " tag="260"><subfield code="a">Franklin, Pa. :</subfield><subfield code="b">[s.n.]</subfield></datafield><datafield ind1=" " ind2=" " tag="300"><subfield code="a">v. ;</subfield><subfield code="c">76 cm.</subfield></datafield><datafield ind1=" " ind2=" " tag="310"><subfield code="a">Weekly</subfield></datafield><datafield ind1="1" ind2=" " tag="362"><subfield code="a">Began in Jan. 1876.</subfield><subfield code="z">Cf. Rossell, G.E. Pa. newspapers.</subfield></datafield><datafield ind1="1" ind2=" " tag="362"><subfield code="a">Ceased in Dec. 1883.</subfield><subfield code="z">Cf. Hist. of Venango Co., Pa., 1890.</subfield></datafield><datafield ind1=" " ind2=" " tag="500"><subfield code="a">Publisher: S.P. McCalmont, &lt;Aug. 1876&gt;.</subfield></datafield><datafield ind1=" " ind2=" " tag="500"><subfield code="a">Publisher's name recorded in Hist. of Venango Co., Pa., 1890.</subfield></datafield><datafield ind1=" " ind2=" " tag="500"><subfield code="a">Supported Prohibition Ticket; Green Clay Smith for president, &lt;1876&gt;.</subfield></datafield><datafield ind1=" " ind2=" " tag="500"><subfield code="a">Editor: James R. Patterson, &lt;1876&gt;.</subfield></datafield><datafield ind1=" " ind2=" " tag="588"><subfield code="a">Description based on: Vol. 1, no. 8 (Mar. 8, 1876).</subfield></datafield><datafield ind1="1" ind2="0" tag="600"><subfield code="a">Smith, Green Clay,</subfield><subfield code="d">1826-1895.</subfield></datafield><datafield ind1="1" ind2="7" tag="600"><subfield code="a">Smith, Green Clay,</subfield><subfield code="d">1826-1895.</subfield><subfield code="2">fast</subfield><subfield code="0">(OCoLC)fst00261348</subfield></datafield><datafield ind1=" " ind2=" " tag="752"><subfield code="a">United States</subfield><subfield code="b">Pennsylvania</subfield><subfield code="c">Venango</subfield><subfield code="d">Franklin.</subfield></datafield><datafield ind1="0" ind2="7" tag="785"><subfield code="t">Venango citizen</subfield><subfield code="w">(DLC)sn 83032088</subfield></datafield><datafield ind1="0" ind2="7" tag="785"><subfield code="t">Citizen-press (Franklin, Pa.)</subfield><subfield code="w">(DLC)sn 87078422</subfield></datafield></record>